@book{葛军2012数学奥林匹克小丛书,
  title = {数学奥林匹克小丛书. 初中卷. 方程与方程组},
  author = {{葛军}},
  year = {2012},
  publisher = {数学奥林匹克小丛书. 初中卷. 方程与方程组}
}

@book{DanDunShuXueAoLinPiKeXiaoCongShuChuZhongJuanYinShiFenJieJiQiao2005,
  title = {数学奥林匹克小丛书. 初中卷. 因式分解技巧},
  shorttitle = {数学奥林匹克小丛书},
  author = {单墫},
  year = {2005},
  publisher = {华东师范大学出版社},
  googlebooks = {7UuiAQAACAAJ},
  isbn = {978-7-5617-4080-4},
  langid = {chinese}
}

@article{HouCongShuXueHaoWanDaoWanHaoShuXueGaoZhongShuXueDiYiKeBuFangCongWan2020,
  title = {从数学好玩到玩好数学------高中数学第一课不妨从``玩''开始},
  author = {侯, 军 and 王, 娅梅},
  year = {2020},
  journal = {教学月刊{$\cdot$}中学版(教学参考)},
  number = {6},
  pages = {34--38},
  issn = {1671-7058},
  urldate = {2024-07-21},
  langid = {chinese}
}

@article{JiangGaoZhongShuXueDiYiKeDeJiaoXueGouXiang2016,
  title = {高中数学第一课的教学构想},
  author = {蒋, 荣清},
  year = {2016},
  journal = {数学通讯},
  number = {16},
  pages = {36--40},
  issn = {0488-7395},
  urldate = {2024-07-21},
  langid = {chinese}
}

@article{ShuXueWeiJi2023,
  title = {数学危机},
  year = {2023},
  month = mar,
  journal = {维基百科，自由的百科全书},
  urldate = {2024-07-22},
  copyright = {Creative Commons Attribution-ShareAlike License},
  langid = {chinese},
  annotation = {Page Version ID: 76193238}
}

@article{XiErBoTeLuGuanBeiLun2023,
  title = {希尔伯特旅馆悖论},
  year = {2023},
  month = dec,
  journal = {维基百科，自由的百科全书},
  urldate = {2024-07-21},
  copyright = {Creative Commons Attribution-ShareAlike License},
  langid = {chinese},
  annotation = {Page Version ID: 79972024}
}
